<record><leader>01046nam a2200301   4500</leader><controlfield tag="001">005340039</controlfield><controlfield tag="003">MiAaHDL</controlfield><controlfield tag="005">20220211000000.0</controlfield><controlfield tag="006">m        d        </controlfield><controlfield tag="007">cr bn ---auaua</controlfield><controlfield tag="008">950818e19832001njumr1p       0   a0eng d</controlfield><datafield tag="010" ind1=" " ind2=" "><subfield code="a">83646304</subfield></datafield><datafield tag="022" ind1="0" ind2=" "><subfield code="a">0740-9354</subfield></datafield><datafield tag="035" ind1=" " ind2=" "><subfield code="a">(MiU)990053400390106381</subfield></datafield><datafield tag="035" ind1=" " ind2=" "><subfield code="a">sdr-miu.990053400390106381</subfield></datafield><datafield tag="035" ind1=" " ind2=" "><subfield code="a">(OCoLC)930258876</subfield></datafield><datafield tag="035" ind1=" " ind2=" "><subfield code="a">MIUB95-S1038</subfield></datafield><datafield tag="035" ind1=" " ind2=" "><subfield code="a">MiU-BA.b1804455</subfield></datafield><datafield tag="035" ind1=" " ind2=" "><subfield code="z">(MiU)Aleph005340039</subfield></datafield><datafield tag="040" ind1=" " ind2=" "><subfield code="a">NNDPW</subfield><subfield code="c">NNDPW</subfield><subfield code="d">DLC</subfield><subfield code="d">NSDP</subfield><subfield code="d">DLC</subfield><subfield code="d">NSDP</subfield><subfield code="d">NST</subfield><subfield code="d">InU</subfield><subfield code="d">CStRLIN</subfield><subfield code="d">MiU-BA</subfield></datafield><datafield tag="042" ind1=" " ind2=" "><subfield code="a">lc</subfield><subfield code="a">nsdp</subfield></datafield><datafield tag="210" ind1="0" ind2=" "><subfield code="a">Teleconnect.</subfield></datafield><datafield tag="245" ind1="0" ind2="0"><subfield code="a">Teleconnect :</subfield><subfield code="b">the voice of the telephone interconnect industry.</subfield></datafield><datafield tag="260" ind1=" " ind2=" "><subfield code="a">New York :</subfield><subfield code="b">Telecom Library, Inc. and G.A. Friesen, Inc.</subfield></datafield><datafield tag="300" ind1=" " ind2=" "><subfield code="a">v. :</subfield><subfield code="b">ill. ;</subfield><subfield code="c">28 cm</subfield></datafield><datafield tag="310" ind1=" " ind2=" "><subfield code="a">Monthly.</subfield></datafield><datafield tag="362" ind1="1" ind2=" "><subfield code="a">Began with Mar. 1983 issue.</subfield></datafield><datafield tag="500" ind1=" " ind2=" "><subfield code="a">Description based on: Feb. 1986; title from cover.</subfield></datafield><datafield tag="538" ind1=" " ind2=" "><subfield code="a">Mode of access: Internet.</subfield></datafield><datafield tag="650" ind1=" " ind2="0"><subfield code="a">Telephone</subfield><subfield code="v">Periodicals.</subfield></datafield><datafield tag="710" ind1="2" ind2=" "><subfield code="a">Telecom Library.</subfield></datafield><datafield tag="899" ind1=" " ind2=" "><subfield code="a">35128001892007</subfield><subfield code="b">BUSINESS</subfield><subfield code="c">v.3 no.12-v.4 no.3 Feb-Mar 1986</subfield></datafield><datafield tag="CID" ind1=" " ind2=" "><subfield code="a">005340039</subfield></datafield><datafield tag="DAT" ind1="0" ind2=" "><subfield code="a">20151022000000.0</subfield><subfield code="b">20220211000000.0</subfield></datafield><datafield tag="DAT" ind1="1" ind2=" "><subfield code="a">20220211165958.0</subfield><subfield code="b">2022-04-19T17:41:00Z</subfield></datafield><datafield tag="CAT" ind1=" " ind2=" "><subfield code="a">SDR-MIU</subfield><subfield code="d">ALMA</subfield><subfield code="l">prepare.pl-004-008</subfield></datafield><datafield tag="FMT" ind1=" " ind2=" "><subfield code="a">BK</subfield></datafield><datafield tag="HOL" ind1=" " ind2=" "><subfield code="0">sdr-miu.990053400390106381</subfield><subfield code="a">MiU</subfield><subfield code="b">SDR</subfield><subfield code="c">MIU</subfield><subfield code="p">mdp.35128001892007</subfield><subfield code="s">MIU</subfield><subfield code="z">v.3 no.12-v.4 no.3 Feb-Mar 1986</subfield><subfield code="1">990053400390106381</subfield></datafield><datafield tag="974" ind1=" " ind2=" "><subfield code="b">MIU</subfield><subfield code="c">MIU</subfield><subfield code="d">20220419</subfield><subfield code="s">google</subfield><subfield code="u">mdp.35128001892007</subfield><subfield code="z">v.3 no.12-v.4 no.3 Feb-Mar 1986</subfield><subfield code="y">1983</subfield><subfield code="r">ic</subfield><subfield code="q">bib</subfield><subfield code="t">US bib date1, date type e &gt;= 1927</subfield></datafield><datafield tag="974" ind1=" " ind2=" "><subfield code="b">MIU</subfield><subfield code="c">MIU</subfield><subfield code="d">20220211</subfield><subfield code="s">google</subfield><subfield code="u">mdp.35128001928751</subfield><subfield code="z">v.4 no.4-6 Apr-June 1986</subfield><subfield code="y">1983</subfield><subfield code="r">ic</subfield><subfield code="q">bib</subfield><subfield code="t">US bib date1, date type e &gt;= 1927</subfield></datafield><datafield tag="974" ind1=" " ind2=" "><subfield code="b">MIU</subfield><subfield code="c">MIU</subfield><subfield code="d">20220419</subfield><subfield code="s">google</subfield><subfield code="u">mdp.35128001928744</subfield><subfield code="z">v.4 no.7-8 July-Aug 1986</subfield><subfield code="y">1983</subfield><subfield code="r">ic</subfield><subfield code="q">bib</subfield><subfield code="t">US bib date1, date type e &gt;= 1927</subfield></datafield><datafield tag="974" ind1=" " ind2=" "><subfield code="b">MIU</subfield><subfield code="c">MIU</subfield><subfield code="d">20220312</subfield><subfield code="s">google</subfield><subfield code="u">mdp.35128001928736</subfield><subfield code="z">v.4 no.9-12 Sept-Dec 1986</subfield><subfield code="y">1983</subfield><subfield code="r">ic</subfield><subfield code="q">bib</subfield><subfield code="t">US bib date1, date type e &gt;= 1927</subfield></datafield><datafield tag="974" ind1=" " ind2=" "><subfield code="b">MIU</subfield><subfield code="c">MIU</subfield><subfield code="d">20220211</subfield><subfield code="s">google</subfield><subfield code="u">mdp.35128001928728</subfield><subfield code="z">v.5 no.1-6 Jan-June 1987</subfield><subfield code="y">1983</subfield><subfield code="r">ic</subfield><subfield code="q">bib</subfield><subfield code="t">US bib date1, date type e &gt;= 1927</subfield></datafield><datafield tag="974" ind1=" " ind2=" "><subfield code="b">MIU</subfield><subfield code="c">MIU</subfield><subfield code="d">20220421</subfield><subfield code="s">google</subfield><subfield code="u">mdp.35128001928710</subfield><subfield code="z">v.5 no.7-9 July-Sept 1987</subfield><subfield code="y">1983</subfield><subfield code="r">ic</subfield><subfield code="q">bib</subfield><subfield code="t">US bib date1, date type e &gt;= 1927</subfield></datafield><datafield tag="974" ind1=" " ind2=" "><subfield code="b">MIU</subfield><subfield code="c">MIU</subfield><subfield code="d">20220212</subfield><subfield code="s">google</subfield><subfield code="u">mdp.35128001928702</subfield><subfield code="z">v.5 no.10-12 Oct-Dec 1987</subfield><subfield code="y">1983</subfield><subfield code="r">ic</subfield><subfield code="q">bib</subfield><subfield code="t">US bib date1, date type e &gt;= 1927</subfield></datafield></record>